<?xml version="1.0" encoding="UTF-8"?><collection xmlns="http://www.loc.gov/MARC21/slim"><record><leader>00426nam--2200157-i-4500</leader><controlfield tag="001">000006190</controlfield><controlfield tag="002">20161230</controlfield><controlfield tag="005">20170210015753</controlfield><controlfield tag="008">060222s1000------------r-----000-0-eng-d</controlfield><datafield ind1=" " ind2=" " tag="100"><subfield code="a">Crean, L. E</subfield></datafield><datafield ind1=" " ind2=" " tag="245"><subfield code="a">Comments on some aspects of nuclear power economics</subfield></datafield><datafield ind1=" " ind2=" " tag="260"><subfield code="a">Vienna</subfield><subfield code="b">International Atomic Energy Agency</subfield><subfield code="c">1961</subfield></datafield><datafield ind1=" " ind2=" " tag="300"><subfield code="a">63 p</subfield></datafield><datafield ind1=" " ind2=" " tag="490"><subfield code="a">Review Series</subfield></datafield><datafield ind1=" " ind2=" " tag="700"><subfield code="a">Mims, L. S</subfield></datafield><datafield ind1=" " ind2=" " tag="CAT"><subfield code="a">SYS</subfield><subfield code="c">20170210</subfield><subfield code="h">015753</subfield></datafield></record></collection>